@book{latex,
  title = {LaTeX : A Documentation Preparation System User's Guide and Reference Manual},
  publisher = {Addison-Wesley Professional},
  year = {1994},
  author = {Leslie Lamport}
}

@book{bruegge2004object,
	title = {Object Oriented Software Engineering Using UML, Patterns, and Java},
	author = {Bruegge, Bernd and Dutoit, Allen H},
	year = {2009},
	publisher = {Prentice Hall}
}